@misc{khatri2024trackflow,
  author = {Vedder, Kyle, Khatri, Ishan and Peri, Neehar and Chodosh, Nate, and Liu, Yang, and Hays, James},
  title = {{Argoverse 2 2024 Scene Flow Challenge at the CVPR 2024 Workshop on Autonomous Driving}},
  year = {2024},
  website = {https://www.argoverse.org/sceneflow}
}