
@inproceedings{vedder2022sparse,
  title={{Sparse PointPillars: Maintaining and Exploiting Input Sparsity to Improve Runtime on Embedded Systems}},
  author={Vedder, Kyle and Eaton, Eric},
  booktitle={Proceedings of the International Conference on Intelligent Robots and Systems (IROS)},
  year={2022},
  website={http://vedder.io/sparse_point_pillars.html},
  pdf={http://vedder.io/publications/sparse_point_pillars_iros_2022.pdf}
}

@article{vedder2021x,
  title={{X*: Anytime Multi-Agent Path Finding For Sparse Domains Using Window-Based Iterative Repairs}},
  author={Vedder, Kyle and Biswas, Joydeep},
  journal={Artificial Intelligence (AIJ)},
  volume={291},
  year={2021},
  website={http://vedder.io/xstar.html},
  pdf={http://vedder.io/publications/expanding_astar_aij.pdf},
}

@inproceedings{vedder2019x,
  title={{X*: Anytime Multiagent Path Planning With Bounded Search}},
  author={Vedder, Kyle and Biswas, Joydeep},
  booktitle={Proceedings of the 18th International Conference on Autonomous Agents and MultiAgent Systems (AAMAS)},
  year={2019},
  website={http://vedder.io/xstar.html},
  pdf={http://vedder.io/publications/expanding_astar_aamas_extended_abstract.pdf},
}
