@article{vedder2024eulerflow,
  author    = {Vedder, Kyle and Peri, Neehar and Khatri, Ishan and Li, Siyi and Eaton, Eric and Kocamaz, Mehmet and Wang, Yue and Yu, Zhiding and Ramanan, Deva and Pehserl, Joachim},
  title     = {{Scene Flow as a Partial Differential Equation}},
  year      = {2024},
  note      = {Preprint},
  website    = {https://vedder.io/eulerflow},
  pdf        = {https://vedder.io/publications/eulerflow_preprint.pdf}
}