@InProceedings{Chodosh_2024_WACV,
  author = {Chodosh, Nathaniel and Ramanan, Deva and Lucey, Simon},
  title = {Re-Evaluating LiDAR Scene Flow},
  booktitle = {Proceedings of the IEEE/CVF Winter Conference on Applications of Computer Vision (WACV)},
  month = {January},
  year = {2024},
  pages = {6005-6015}
}

@article{Najibi_2022_ECCV,
  author = {Najibi, Mahyar and Ji, Jingwei and Zhou, Yin and Qi, Charles R. and Yan, Xinchen and Ettinger, Scott and Anguelov, Dragomir},
  title = {Motion Inspired Unsupervised Perception and Prediction in Autonomous Driving},
  journal = {European Conference on Computer Vision (ECCV)},
  year = {2022}
}

@article{Vacek_2023_arXiv,
  author = {Vacek, Patrik and Hurych, David and Zimmermann, Karel and Perez, Patrick and Svoboda, Tomas},
  title = {Regularizing Self-supervised 3D Scene Flows with Surface Awareness and Cyclic Consistency},
  journal = {arXiv},
  year = {2023}
}

@article{jund2021scalable,
  title={Scalable Scene Flow from Point Clouds in the Real World},
  author={Jund, Philipp and Sweeney, Chris and Abdo, Nichola and Chen, Zhifeng and Shlens, Jonathon},
  journal={arXiv},
  year={2021}
}
